<record><leader>00000cas a22000007a 4500</leader><controlfield tag="001">20150833</controlfield><controlfield tag="008">890809d19281973aruwr ne      0    0eng d</controlfield><datafield ind1=" " ind2=" " tag="010"><subfield code="a">sn 89051306 </subfield></datafield><datafield ind1=" " ind2=" " tag="040"><subfield code="a">ANU</subfield><subfield code="b">eng</subfield><subfield code="c">ANU</subfield><subfield code="d">OCLCQ</subfield></datafield><datafield ind1=" " ind2=" " tag="042"><subfield code="a">msc</subfield></datafield><datafield ind1="0" ind2=" " tag="130"><subfield code="a">Banner-news (Magnolia, Ark. : Weekly)</subfield></datafield><datafield ind1="1" ind2="4" tag="245"><subfield code="a">The Banner-news.</subfield></datafield><datafield ind1="1" ind2="7" tag="246"><subfield code="a">Weekly banner-news</subfield></datafield><datafield ind1=" " ind2=" " tag="260"><subfield code="a">Magnolia, Ark. :</subfield><subfield code="b">Banner-News Pub. Co.</subfield></datafield><datafield ind1=" " ind2=" " tag="300"><subfield code="a">v.</subfield></datafield><datafield ind1=" " ind2=" " tag="310"><subfield code="a">Weekly</subfield></datafield><datafield ind1="0" ind2=" " tag="362"><subfield code="a">Vol. 50, no. 35 (Mar. 22, 1928)-</subfield></datafield><datafield ind1="1" ind2=" " tag="362"><subfield code="a">Ceased in 1973.</subfield></datafield><datafield ind1=" " ind2="4" tag="651"><subfield code="a">Columbia County (Ark.)</subfield><subfield code="v">Newspapers.</subfield></datafield><datafield ind1=" " ind2="4" tag="651"><subfield code="a">Magnolia (Ark.)</subfield><subfield code="v">Newspapers.</subfield></datafield><datafield ind1=" " ind2=" " tag="752"><subfield code="a">United States</subfield><subfield code="b">Arkansas</subfield><subfield code="c">Columbia</subfield><subfield code="d">Magnolia.</subfield></datafield><datafield ind1="0" ind2=" " tag="775"><subfield code="t">Daily banner-news</subfield><subfield code="w">(DLC)sn 89051304</subfield></datafield><datafield ind1="0" ind2="4" tag="780"><subfield code="t">Columbia banner (Magnolia, Ark.)</subfield><subfield code="w">(DLC)sn 85032971</subfield></datafield><datafield ind1="0" ind2="4" tag="780"><subfield code="t">Magnolia news (Magnolia, Ark.)</subfield><subfield code="w">(DLC)sn 89051305</subfield></datafield><datafield ind1="0" ind2="5" tag="780"><subfield code="t">Columbia County journal</subfield><subfield code="w">(DLC)sn 91050049</subfield></datafield></record>